@MISC{docker, 
 title={Docker}, 
 author={Docker Inc.},
 howpublished={\url{https://www.docker.com}}, 
 journal={Docker}
}

@MISC{openvz, 
 title={OpenVZ},
 author={OpenVZ},
 howpublished={\url{https://openvz.org}}, 
 journal={OpenVZ}
}

@MISC{dockerhub, 
 title={Docker Hub},
 author={Docker Inc.},
 howpublished={\url{https://hub.docker.com}}, 
 journal={Docker}
}

@MISC{dockerstore, 
 title={Docker Store}, 
 howpublished={\url{https://store.docker.com}}, 
 journal={Docker}
}

@TECHREPORT {lxc1,
    author      = "Matt Helsley",
    title       = "LXC: Linux container tools",
    institution = "IBM Developer Works",
    year        = "2009",
    month       = "feb"
}

@ARTICLE {dockersaas,
    author  = "John Fink",
    title   = "Docker: a Software as a Service, Operating System-Level Virtualization Framework",
    journal = "code4lib",
    year    = "2014",
    volume  = "25",
    number  = "36",
    month   = "apr"
}

@inproceedings{dua,
  title={Virtualization vs containerization to support paas},
  author={Dua, Rajdeep and Raja, A Reddy and Kakadia, Dharmesh},
  booktitle={Cloud Engineering (IC2E), 2014 IEEE International Conference on},
  pages={610--614},
  year={2014},
  organization={IEEE}
}

@inproceedings{dockerpolicymodules,
  title={DockerPolicyModules: mandatory access control for docker containers},
  author={Bacis, Enrico and Mutti, Simone and Capelli, Steven and Paraboschi, Stefano},
  booktitle={Communications and Network Security (CNS), 2015 IEEE Conference on},
  pages={749--750},
  year={2015},
  organization={IEEE}
}

@inproceedings{mattetti,
  title={Securing the infrastructure and the workloads of linux containers},
  author={Mattetti, Massimiliano and Shulman-Peleg, Alexandra and Allouche, Yair and Corradi, Antonio and Dolev, Shlomi and Foschini, Luca},
  booktitle={Communications and Network Security (CNS), 2015 IEEE Conference on},
  pages={559--567},
  year={2015},
  organization={IEEE}
}

@MISC {dockerlib,
    author       = "Docker Inc.",
    title        = "Docker Library",
    howpublished = {\url{https://github.com/docker-library/official-images/library}},
    publisher = {GitHub},
    journal = {GitHub repository}
}

@MANUAL {strace,
    title = "strace(1) Linux's manual page "
}

@TECHREPORT {survey1,
    author      = {iDataLabs},
    title       = {Companies Using Docker},
    institution = {iDataLabs},
    year        = {2017},
    howpublished = {\url{https://idatalabs.com/tech/products/docker}}
}

@MISC{cvelist,
  title = {Docker CVE List},
  author={CVE},
  year = {2014},
  howpublished = {\url{https://www.cvedetails.com/vulnerability-list/vendor_id-13534/product_id-28125/Docker-Docker.html}},
  urldate={26 April 2017}
}

@inproceedings{shu,
  title={A Study of Security Vulnerabilities on Docker Hub},
  author={Shu, Rui and Gu, Xiaohui and Enck, William},
  booktitle={Proceedings of the Seventh ACM on Conference on Data and Application Security and Privacy},
  pages={269--280},
  year={2017},
  organization={ACM}
}

@MISC {banyanops,
    author       = "banyanops",
    title        = "banyanops/collector",
    howpublished = {\url{https://github.com/banyanops/collector}},
    publisher = {GitHub},
    journal = {GitHub repository}
}

@article{dockerarticle,
  title={Docker: lightweight linux containers for consistent development and deployment},
  author={Merkel, Dirk},
  journal={Linux Journal},
  volume={2014},
  number={239},
  pages={2},
  year={2014},
  publisher={Belltown Media}
}

@article{hardenlinuxcontainer,
  title={Understanding and hardening Linux containers},
  author={Grattafiori, Aaron},
  journal={Whitepaper, NCC Group},
  year={2016}
}

@inproceedings{containerperformance,
  title={Performance Evaluation of Virtualization Technologies for Server
Consolidation },
  author={Pradeep Padala and Xiaoyun Zhu and Zhikui Wang and Sharad Singhal and Kang G. Shin },
  booktitle={HP Laboratories},
  year={2007},
  organization={HP Laboratories}
}
@ARTICLE {jessehertz2016,
    author  = {Jesse Hertz},
    title   = {Abusing Privileged and Unprivileged Linux Containers},
    journal = {NCCGroup},
    year    = {2016}
}
@ARTICLE {solomonhykes2015,
    author  = {Solomon Hykes},
    title   = {Introducing runC: a lightweight universal container runtime},
    howpublished = {\url{https://blog.docker.com/2015/06/runc/}},
    journal = {Docker Blog},
    year    = {2015}
}
@MISC {dockersec1,
    title        = {Docker Security},
    howpublished = {\url{https://docs.docker.com/engine/security/security/}}
}
@MISC {seccomp,
    title        = {Docker Seccomp Policy},
    howpublished = {\url{https://docs.docker.com/engine/security/seccomp/}}
}
@MISC {awsdigitalocean,
    title        = {The Shortlist of Docker Hosting},
    howpublished = {\url{https://blog.codeship.com/the-shortlist-of-docker-hosting/}}
}

@article{dockerHPC,
  title={Contain this, unleashing docker for hpc},
  author={Jacobsen, Douglas M and Canon, Richard Shane},
  journal={Proceedings of the Cray User Group},
  year={2015}
}

@MISC{dockeropensource,
	title = {Docker Open Source community},
	author={Docker},
    howpublished = {\url{https://github.com/docker/docker.github.io}}
}
@MISC{kernelsyscallfuzzer,
	title = {Fuzzing Dcoker containers with Trinity},
    howpublished = {\url{https://www.binarysludge.com/2014/07/02/fuzzing-docker-containers-with-trinity/}}
}
@MISC {defaultseccomp,
    title        = {Default Docker Seccomp Policy},
    howpublished = {\url{https://github.com/moby/moby/blob/master/profiles/seccomp/default.json}}
}

@MISC {scrapy,
    title        = {ScraPy},
    howpublished = {\url{https://scrapy.org/}}
}

@inproceedings{rauti2014diversification,
  title={Diversification of system calls in linux binaries},
  author={Rauti, Sampsa and Laur{\'e}n, Samuel and Hosseinzadeh, Shohreh and M{\"a}kel{\"a}, Jari-Matti and Hyrynsalmi, Sami and Lepp{\"a}nen, Ville},
  booktitle={International Conference on Trusted Systems},
  pages={15--35},
  year={2014},
  organization={Springer}
}

@MISC {ubuntu,
    title        = {Ubuntu},
    howpublished = {\url{https://www.ubuntu.com}}
}
@MISC {nm,
    title        = {Linux Tool - nm},
    howpublished = {\url{https://linux.die.net/man/1/nm}}
}
@MISC {ldd,
    title        = {Linux Tool - ldd},
    howpublished = {\url{https://linux.die.net/man/1/ldd}}
}
@MISC {objdump,
    title        = {Linux Tool - objdump},
    howpublished = {\url{https://linux.die.net/man/1/objdump}}
}
@MISC {elf,
    title        = {ELF file format},
    howpublished = {\url{http://man7.org/linux/man-pages/man5/elf.5.html}}
}
@MISC {dockerimages,
    title        = {Docker Images and Containers},
    howpublished = {\url{https://docs.docker.com/engine/userguide/storagedriver/imagesandcontainers/}}
}
@MISC {seccomplinux,
    title        = {Linux Kernel Feature - seccomp},
    howpublished = {\url{http://man7.org/linux/man-pages/man2/seccomp.2.html}}
}
@MISC {glibc,
    title        = {GLIBC - Core Libraries for Linux Systems},
    howpublished = {\url{https://www.gnu.org/software/libc/libc.html}}
}
@article{collberg2014,
  title={Measuring reproducibility in computer systems research},
  author={Collberg, Christian and Proebsting, Todd and Moraila, Gina and Shankaran, Akash and Shi, Zuoming and Warren, Alex M},
  journal={Department of Computer Science, University of Arizona, Tech. Rep},
  year={2014}
}
@inproceedings{kyoung2014,
  title={Performance Comparison Analysis of Linux Container and Virtual Machine for Building Cloud},
  author={Kyoung-Taek, Seo and Hyun-Seo, Hwang and Il-Young, Moon1 and Oh-Young, Kwon and Byeong-Jun, Kim},
   booktitle={Advanced Science and Technology Letters, Vol.66 (Networking and Communication 2014)},
  pages={105--111}
}
@inproceedings{dockerrepresearch2014,
  title={An introduction to Docker for reproducible research},
  author={Carl Boettiger},
  booktitle={ACM SIGOPS Operating Systems Review - Special Issue on Repeatability and Sharing of Experimental Artifacts Volume 49 Issue 1s},
  pages={71--79},
  organization={ACM}
}
@inproceedings{bpf1993,
  title={The BSD packet filter: a new architecture for user-level packet capture},
  author={Steven McCanne, Van Jacobson},
  booktitle={USENIX'93 Proceedings of the USENIX Winter 1993 Conference Proceedings on USENIX Winter 1993 Conference Proceedings},
  pages={2-2}
}
@inproceedings{systemtap,
  title={Problem solving with systemtap},
  author={Eigler, Frank Ch and Hat, Red},
  booktitle={Proc. of the Ottawa Linux Symposium},
  pages={261--268},
  year={2006},
  organization={Citeseer}
}
@article{apparmor,
  title={Paranoid penguin: an introduction to Novell AppArmor},
  author={Bauer, Mick},
  journal={Linux Journal},
  volume={2006},
  number={148},
  pages={13},
  year={2006},
  publisher={Belltown Media}
}
@MISC {dockerslim,
    author       = "docker-slim.",
    title        = "docker-slim",
    howpublished = {\url{https://github.com/docker-slim/docker-slim}},
    publisher = {GitHub},
    journal = {GitHub repository}
}
@MISC {json,
    title        = "JSON",
    howpublished = {\url{http://www.json.org/}},
}
@MISC {pltsection,
    title        = "PLT and GOT - the key to code sharing and dynamic libraries",
    howpublished = {\url{https://www.technovelty.org/linux/plt-and-got-the-key-to-code-sharing-and-dynamic-libraries.html}},
}
@MISC {monkeyrunner,
    title        = "monkeyrunner",
    howpublished = {\url{https://developer.android.com/studio/test/monkeyrunner/index.html}},
}

@inproceedings{raj2016,
  title={Enhancing security of Docker using Linux hardening techniques},
  author={MP, Amith Raj and Kumar, Ashok and Pai, Sahithya J and Gopal, Ashika},
  booktitle={Applied and Theoretical Computing and Communication Technology (iCATccT), 2016 2nd International Conference on},
  pages={94--99},
  year={2016},
  organization={IEEE}
}

@inproceedings{afonso2016going,
  title={Going native: Using a large-scale analysis of android apps to create a practical native-code sandboxing policy},
  author={Afonso, Vitor and Bianchi, Antonio and Fratantonio, Yanick and Doup{\'e}, Adam and Polino, Mario and de Geus, Paulo and Kruegel, Christopher and Vigna, Giovanni},
  booktitle={Proceedings of the Annual Symposium on Network and Distributed System Security (NDSS)},
  year={2016}
}

@inproceedings{sniffen2006guided,
  title={Guided policy generation for application authors},
  author={Sniffen, Brian T and Harris, David R and Ramsdell, John D},
  booktitle={SELinux Symposium},
  year={2006}
}
@article{bui,
  title={Analysis of docker security},
  author={Bui, Thanh},
  journal={arXiv preprint arXiv:1501.02967},
  year={2015}
}
@techreport{combecontainers,
  title={Containers: Vulnerability Analysis},
  author={Combe, Theo and Martin, Antony and Di Pietro, Roberto},
  institution={tech. report, Nokia Bell Labs}
}
@ARTICLE {dockerinc.2016,
    author  = "Docker Inc.",
    title   = "Introduction to Container Security",
    journal = "www.docker.com",
    year    = "2016"
}
@inproceedings{harada2003access,
  title={Access policy generation system based on process execution history},
  author={Harada, Toshiharu and Horie, Takashi and Tanaka, Kazuo},
  booktitle={Network Security Forum},
  year={2003}
}
@article{hung2016guidock,
  title={GUIdock: Using Docker containers with a common graphics user interface to address the reproducibility of research},
  author={Hung, Ling-Hong and Kristiyanto, Daniel and Lee, Sung Bong and Yeung, Ka Yee},
  journal={PloS one},
  volume={11},
  number={4},
  pages={e0152686},
  year={2016},
  publisher={Public Library of Science}
}

@inproceedings{rajgopalan,
  title={Authenticated system calls},
  author={Rajagopalan, Mohan and Hiltunen, Matti and Jim, Trevor and Schlichting, Richard},
  booktitle={Dependable Systems and Networks, 2005. DSN 2005. Proceedings. International Conference on},
  pages={358--367},
  year={2005},
  organization={IEEE}
}

@inproceedings{provos2003improving,
  title={Improving Host Security with System Call Policies.},
  author={Provos, Niels},
  booktitle={Usenix Security},
  volume={3},
  pages={19},
  year={2003}
}

@article{combe,
  title={To Docker or Not to Docker: A Security Perspective},
  author={Combe, Theo and Martin, Antony and Di Pietro, Roberto},
  journal={IEEE Cloud Computing},
  volume={3},
  number={5},
  pages={54--62},
  year={2016},
  publisher={IEEE}
}

@article{rastogi,
  title={Towards Least Privilege Containers with Cimplifier},
  author={Rastogi, Vaibhav and Davidson, Drew and De Carli, Lorenzo and Jha, Somesh and McDaniel, Patrick},
  journal={arXiv preprint arXiv:1602.08410},
  year={2016}
}
